<?xml version="1.0" encoding="UTF-8"?><collection xmlns="http://www.loc.gov/MARC21/slim"><record><leader>00276nam--2200097-i-4500</leader><controlfield tag="001">000025128</controlfield><controlfield tag="002">20161230</controlfield><controlfield tag="005">20161230201035</controlfield><controlfield tag="008">060222s1000------------r-----000-0-eng-d</controlfield><datafield ind1=" " ind2=" " tag="245"><subfield code="a">Bibliography on radiactive fallout.(1965-1970</subfield></datafield><datafield ind1=" " ind2=" " tag="260"><subfield code="a">Trombay,Bhabha Atomic Research Centre,1971. 233p</subfield></datafield></record></collection>